@inbook { vernadsky1926biosfera,
  title = {Биосфера},
  year = {1926},
  author = {Владимир Иванович Вернадский},
  publisher = {Научн.\ Химико-Техн.\ Издат., отдел В.С.Н.Х.},
  url = {http://books.google.com/books?id=jvE\_SwAACAAJ},
  language = {russian},
  hyphenation = {russian},
}

@inbook { vernadsky1926biosfera-p30-48,
  crossref = {vernadsky1926biosfera},
  pages = {30-48},
}

@inbook { vernadsky1926biosfera-p37-38,
  crossref = {vernadsky1926biosfera},
  pages = {37-38},
}

@article { vernadsky1926etudes1,
  journal = {Известия Российской академии наук},
  title = {Études biogéochimiques. 1. Sur la vitesse de la transmission de la
	vie dans la biosphère},
  author = {Владимир Иванович Вернадский},
  volume = {20},
  number = {9},
  pages = {727-744},
  series = {6},
  year = {1926},
  url = {http://mi.mathnet.ru/izv5583},
  urldate = {2012-07-17},
  language = {french},
  hyphenation = {french},
}

@article { vernadsky1926razmnozhenii1,
  journal = {Известия Российской академии наук},
  title = {О размножении организмов и его значении в механизме биосферы. Статья
	первая},
  author = {Владимир Иванович Вернадский},
  volume = {20},
  number = {9},
  pages = {697-726},
  series = {6},
  year = {1926},
  url = {http://mi.mathnet.ru/izv5582},
  urldate = {2012-07-17},
  language = {russian},
  hyphenation = {russian},
}

@article { vernadsky1926razmnozhenii2,
  journal = {Известия Российской академии наук},
  title = {О размножении организмов и его значении в механизме биосферы. Статья
	вторая},
  author = {Владимир Иванович Вернадский},
  volume = {20},
  number = {12},
  pages = {1053-1060},
  series = {6},
  year = {1926},
  url = {http://mi.mathnet.ru/izv5605},
  urldate = {2012-07-17},
  language = {russian},
  hyphenation = {russian},
}

@article { vernadsky1926multiplication1,
  journal = {Revue générale des sciences pures et appliquées},
  title = {Sur la multiplication des organismes et son role dans le mecanisme
	de la biosphere, Premiere partie},
  author = {Владимир Иванович Вернадский},
  volume = {37},
  number = {23},
  issn = {03705196},
  publisher = {Doin},
  location = {Paris},
  pages = {661-698},
  url = {http://gallica.bnf.fr/ark:/12148/bpt6k17101g/f665.tableDesMatieres},
  urldate = {2012-07-17},
  language = {french},
  hyphenation = {french},
}

@article { vernadsky1926multiplication2,
  journal = {Revue générale des sciences pures et appliquées},
  title = {Sur la multiplication des organismes et son role dans le mecanisme
	de la biosphere, Deuxième partie},
  author = {Владимир Иванович Вернадский},
  volume = {37},
  number = {23},
  issn = {03705196},
  publisher = {Doin},
  location = {Paris},
  pages = {700-708},
  url = {http://gallica.bnf.fr/ark:/12148/bpt6k17101g/f704.tableDesMatieres},
  urldate = {2012-07-17},
  language = {french},
  hyphenation = {french},
}

@article { vernadsky1927etudes2,
  journal = {Известия Российской академии наук},
  title = {Études biogéochimiques. 2. La vitesse maximum de la transmission de
	la vie dans la biosphère},
  author = {Владимир Иванович Вернадский},
  volume = {21},
  number = {2},
  pages = {241-254},
  series = {6},
  year = {1927},
  url = {http://mi.mathnet.ru/izv5457},
  urldate = {2012-07-17},
  language = {french},
  hyphenation = {french},
}

@article { vernadsky1927bakteriofag,
  journal = {Природа},
  title = {Бактериофаг и скорость передачи жизни в биосфере},
  author = {Владимир Иванович Вернадский},
  issn = {0032-874X},
  year = {1927},
  number = {6},
  pages = {433-446},
  url = {http://www.ras.ru/publishing/nature.aspx},
  urldate = {2012-07-17},
  language = {russian},
  hyphenation = {russian},
}

@mvbook { vernadsky1930considerations,
  title = {Considerations generales sur l'etude de la composition chimique de
	  la matiere vivante},
  author = {Владимир Иванович Вернадский},
  volume = {1},
  series = {Труды Биогеохимической лаборатории},
  year = {1930},
  publisher = {Изд-во Академии наук СССР},
  pages = {5-32},
  language = {french},
}

@mvbook { vernadsky1934problemy1,
  series = {Проблемы биогеохимии},
  title = {Значение биогеохимии для изучения биосферы},
  author = {Владимир Иванович Вернадский},
  part = {В.~1},
  year = {1934},
  publisher = {Академии наук СССР},
  pages = {9-10},
  url = {http://goraknig.org/estestvennye_nauki/?kniga=MTQ2MTQxNA__},
  language = {russian},
  hyphenation = {russian},
}

@book { vernadsky1938thought-lib.ru,
  title = {Научная мысль как планетное явление},
  author = {Владимир Иванович Вернадский},
  year = {2001},
  origdate = {1938},
  publisher = {Электронный Архив В. И. Вернадского},
  url = {http://vernadsky.lib.ru/e-texts/archive/thought.html},
  urldate = {2012-07-15},
  language = {russian},
  hyphenation = {russian},
}

@book { vernadsky1938thought-yanshin91,
  title = {Научная мысль как планетное явление},
  author = {Владимир Иванович Вернадский},
  year = {1991},
  origdate = {1938},
  publisher = {Наука},
  editor = {А. Л. Яншин},
  language = {russian},
  hyphenation = {russian},
}

@mvbook { vernadsky1938thought-feniks97,
  series = {Научное знание.  Научное творчество.  Научная мысль},
  booktitle = {О науке},
  title = {Научная мысль как планетное явление},
  author = {Владимир Иванович Вернадский},
  year = {1997},
  origdate = {1938},
  volume = 1,
  location = {Дубна},
  publisher = {Феникс},
  url = {http://elibrary.ru/books/vernadsky/obl.htm},
  language = {russian},
  hyphenation = {russian},
}

@mvbook { vernadsky1939problemy2-p9-10,
  series = {Проблемы биогеохимии},
  title = {О коренном материально-энергетическом отличии живых и косных
	естественных тел биосферы},
  author = {Владимир Иванович Вернадский},
  part = {В.~2},
  year = {1939},
  publisher = {Академии наук СССР},
  pages = {9-10},
  url = {http://goraknig.org/estestvennye_nauki/?kniga=MTQ2MTQxMw__},
  language = {russian},
  hyphenation = {russian},
}

@book { vernadsky1940biogeohimicheskie,
  title = {Биогеохимические очерки},
  author = {Владимир Иванович Вернадский},
  lccn = {56048683},
  url = {http://books.google.com/books?id=37cIHAAACAAJ},
  year = {1940},
  publisher = {Изд-во Академии наук СССР},
}

@inbook { vernadsky1940biogeohimicheskie-p59-83,
  crossref = {vernadsky1940biogeohimicheskie},
  pages = {59-83},
}

@inbook { vernadsky1940biogeohimicheskie-p118-125,
  crossref = {vernadsky1940biogeohimicheskie},
  pages = {118-125},
}

@mvbook { vernadsky1954sochineniya-p50,
  title = {Химические элементы, их класификация},
  series = {Избранные сочинения},
  author = {Владимир Иванович Вернадский},
  volume = {1},
  year = {1954},
  pages = {50},
}

@inbook { vernadsky1965himicheskoe-ch20,
  title = {Химическое строение биосферы земли и ее окружения},
  author = {Владимир Иванович Вернадский},
  url = {http://books.google.com/books?id=mXP4uAAACAAJ},
  year = {1965},
  publisher = {Наука},
  chapter = {20},
}

@inbook { vernadsky1980problemy,
  title = {Проблемы биогеохимии},
  author = {Владимир Иванович Вернадский},
  volume = {16},
  series = {Труды Биогеохимической лаборатории},
  year = {1980},
  publisher = {Изд-во Академии наук СССР},
  pages = {10-54},
}

@inbook { vernadsky1987himicheskoe-ch21,
  title = {Химическое строение биосферы Земли и ее окружения},
  author = {Владимир Иванович Вернадский and Ярошевский, А.А.},
  lccn = {87209421},
  url = {http://books.google.com/books?id=0rVeAAAAIAAJ},
  year = {1987},
  publisher = {Наука},
  chapter = {21},
  language = {russian},
  hyphenation = {russian},
}

@book { vernadsky1988filosofskie,
  title = {Философские мысли натуралиста},
  userb = {Philosophical Thoughts of the Naturalist},
  author = {Владимир Иванович Вернадский},
  year = {1988},
  publisher = {Наука},
  lccn={88162415},
  url={http://books.google.com/books?id=69sxAAAAIAAJ},
  hyphenation = {russian},
}

@book { vernadsky1988pisma,
  title = {Письма Н. Е. Вернадской: 1886--1889},
  userb = {Letters to N. E. Vernadskaya: 1886--1889},
  author = {Владимир Иванович Вернадский and Наталия Егоровна Вернадская},
  editor = {Филиппова, Н. В. and Борис Венедиктович Левшин},
  isbn = {9785020031838},
  lccn = {93105767},
  series = {Письма Н. Е. Вернадской},
  url = {http://books.google.com/books?id=UWi4AAAAIAAJ},
  year = {1988},
  publisher = {Наука},
  hyphenation = {russian},
}

@inbook { vernadsky1992trudy-p75-101,
  title = {Труды по биогеохимии и геохимии почв},
  author = {Владимир Иванович Вернадский and
  	Всеволод Всеволодович Добровольский},
  year = {1992},
  lccn = {94204527},
  series = {Библиотека трудов академика В.И. Вернадского},
  url = {http://books.google.com/books?id=LeA2AAAAMAAJ},
  publisher = {Наука},
  pages = {75-101},
}

@book { vernadsky1994zhivoe,
  title = {Живое вещество и биосфера},
  author = {Владимир Иванович Вернадский},
  year = {1994},
  isbn = {5-02-005754-1},
  publisher = {Наука},
}

@inbook { vernadsky1994zhivoe-p330-341,
  crossref = {vernadsky1994zhivoe},
  pages = {330-341},
}

@inbook { vernadsky1994zhivoe-p335,
  crossref = {vernadsky1994zhivoe},
  pages = {335},
}

@inbook { vernadsky1994zhivoe-p413-424,
  crossref = {vernadsky1994zhivoe},
  pages = {413-424},
}

@inbook { vernadsky1994zhivoe-p437-444,
  crossref = {vernadsky1994zhivoe},
  pages = {437-444},
}

@inbook { vernadsky1994zhivoe-p555-602,
  crossref = {vernadsky1994zhivoe},
  pages = {555-602},
}

@inbook { schuchert1933geology-p80,
  title = {A Text Book of Geology},
  author = {Charles Schuchert and Carl Owen Dunbar},
  pages = {80},
  year = 1933,
  location = {New York},
  isbn = {B000EVHHNI},
  language = {english},
  hyphenation = {english},
}

@inbook { pavlov1936geologicheskaya-p105,
  title = {Геологическая история европейских земель и море в связи с историей
	ископаемого человека},
  author = {Алексей Петрович Павлов},
  year = 1936,
  pages = {105 и сл.},
  publisher = {Академии наук СССР},
  lccn={50048114},
  url = {http://books.google.com/books?id=OaTpHAAACAAJ},
  language = {russian},
  hyphenation = {russian},
}

@book { agassiz1859essay,
  title = {An Essay of Classification},
  author = {Louis Agassiz},
  location = {London},
  year={1859},
  publisher={Longman, Brown, Green, Longmans, \& Roberts},
  url={http://books.google.com/books?id=QXkLAAAAMAAJ},
  language = {english},
  hyphenation = {english},
}

@inbook { ortegaygasset1932revolt-p19,
  title = {The Revolt of the Masses},
  author = {José Ortega y Gasset},
  location = {London},
  year = 1932,
  pages = {19},
  language = {english},
  hyphenation = {english},
}

@inbook { leroy1928origines-p37-57,
  title = {Les origines humaines et l'evolution de l'intelligence},
  booktitle = {La noosphere et l'hominisation},
  author = {Edouard Le Roy},
  location = {Paris},
  year = {1928},
  pages = {37-57},
  language = {french},
  hyphenation = {french},
}

@article { blair1938water,
  title = {Water---Power of the World},
  journal = {Nature},
  publisher = {Nature Publishing Group},
  volume = {141},
  number = {3557},
  year = {1938},
  doi = {10.1038/141031a0},
  pages = {31},
  url = {http://www.nature.com/nature/journal/v141/n3557/abs/141031a0.html},
  urldate = {2012-07-17},
  langugage = {english},
  hyphenation = {english},
}

@book { childe1937man,
  title = {Man makes himself},
  author = {Vere Gordon Childe},
  series = {The Library of Science and Culture},
  url = {http://books.google.com/books?id=vPgYAAAAYAAJ},
  year = {1937},
  location = {London},
  publisher = {Watts \& co.},
}

@inbook { childe1937man-p56,
  crossref = {childe1937man},
  pages = {56},
}

@inbook { childe1937man-p78-79,
  crossref = {childe1937man},
  pages = {78-79},
}

@book { nikolai1919biologie,
  title = {Die Biologie des Krieges. 1. Betrachtung eines Naturforschers den
	  Deutschen zur Besinnung},
  author = {Georg Friedrich Nikolai},
  volume = {1},
  location = {Zürich},
  year = {1919},
  language = {german},
  hyphenation = {german},
}

@inbook { nikolai1919biologie-p54,
  crossref = {nikolai1919biologie},
  pages = {54},
}

@inbook { nikolai1919biologie-p60,
  crossref = {nikolai1919biologie},
  pages = {60},
}

@inbook { weinberg1922dvuhdesyatitysyachiletiyu-p21,
  author = {Б. П. Вейнберг},
  title = {К двухдесятитысячелетию начала работ по уничтожению
	океанов. Очерк истории человечество от первобытного состояния до 2230
	г.},
  titleaddon = {(Научная фантазия)},
  series = {Сибирская природа},
  location = {Омск},
  year = {1922},
  number = {2},
  pages = {21},
}

@inbook { kulischer1932kriegs-p135,
  author = {A. and E.  Kulischer},
  title = {Kriegs- und Wanderzüge. Weltgeschichte als Völkerbewegung},
  location = {Berlin-Leipzig},
  year = {1932},
  pages = {135},
  hyphenation = {german},
}

@inbook { hettner1929gang-p196,
  author = {Alfred Hettner},
  title = {Der gang der Kultur über die Erde},
  edition = {2 umgearbeitete und erw. Aufl.},
  location = {Leipzig-Berlin},
  year = {1929},
  publisher = {B.G. Teubner},
  lccn = {38030098},
  url = {http://books.google.com/books?id=-qkFAAAAMAAJ},
  pages = {196},
}

@book { frazer1930myths,
  author = {James George Frazer},
  title = {Myths of the Origin of Fire},
  location = {London},
  year = {1930},
  isbn = {0878170685, 9780878170685},
}

@book { bogaevsky1936tehnika,
  author = {Б. Л. Богаевский},
  title = {Техника первобытно-коммунискического общества},
  series = {История техники},
  number = {1},
  year = {1936},
  publisher={Изд-во Академии наук ССР},
}

@inbook { bogaevsky1936tehnika-p26-27,
  crossref = {bogaevsky1936tehnika},
  pages = {26-27},
}

@inbook { bogaevsky1936tehnika-p11.67,
  crossref = {bogaevsky1936tehnika},
  pages = {11,67},
}

@inbook { popping1835reise-p398,
  author = {E. Popping},
  title = {Reise in Chile, Peru und auf dem Amazonenstrom während der Jahre
	  1827--1832},
  volume = {1},
  location = {Lepzig},
  year = {1835},
  pages = {398},
  hyphenation = {german},
}

@inbook { carpenter1920naturalist-p76-77,
  author = {Geoffrey Douglas Hale Carpenter},
  title = {A Naturalist on Lake Victoria},
  subtitle = {With an Account of Sleeping Sickness and Tse-tse Fly},
  location = {London},
  year = {1920},
  url = {http://archive.org/details/naturalistonlake00carp},
  urldate = {2012-07-17},
  pages = {76-77},
}

@inbook { usov1924sostav-p58,
  author = {Михаил Антонович Усов},
  title = {Состав и тектоника месторождений южного района Кузнецкого
	  каменноугольного бассейна},
  location = {Новониколаевск},
  year = {1924},
  pages = {58},
}

@article { usov1933podzemnye-p34,
  author = {Михаил Антонович Усов},
  title = {Подземные пожары в Прокопьевском районе},
  journal = {Вестник Западно-Сибирского геолого-разведочного треста},
  year = {1933},
  number = {4},
  pages = {34 и сл.},
}

@article { obruchev1934podzemnye-p83-85,
  journal = {Природа},
  title = {Подземные пожары в Кузнецком бассейне---геологический процесс},
  author = {В. А. Обручев},
  issn = {0032-874X},
  year = {1934},
  number = {3},
  pages = {83-85},
  url = {http://www.ras.ru/publishing/nature.aspx},
  urldate = {2012-07-17},
  language = {russian},
  hyphenation = {russian},
}

@article { hermann1793notice,
  author = {B. F. J. Hermann},
  title = {Notice sur les charbons de terre dans les environs de Kousnetzk en
	  Siberie},
  journal = {Nova acta Academiae scientiarum Imperialis Petropolitanae},
  volume = {11},
  year = {1793},
  pages = {376-381},
  url = {http://archive.org/details/novaactaacademia11petr},
  urldate = {2012-07-17},
}

@article { jaworsky1933erdbrande,
  author = {Jaworsky, B. and Radugina, L.},
  affiliation = {Leningrad},
  title = {Die Erdbrände im Kusnezk-Becken und die mit ihnen verbundenen
	   Erscheinungen},
  journal = {Geologische Rundschau},
  publisher = {Springer Berlin / Heidelberg},
  issn = {0016-7835},
  keyword = {Earth and Environmental Science},
  pages = {298-310},
  volume = {24},
  issue = {5},
  url = {http://dx.doi.org/10.1007/BF01809729},
  urldate = {2012-07-17},
  note = {10.1007/BF01809729},
  year = {1933},
}

@article { yavorski1932kamennougolnye,
  author = {В. И.  Яворский and Л. К.  Радугина},
  title = {Каменноугольные пожары в Кузнецком бассейне и связанные с ними
	явления},
  journal = {Горный журнал},
  year = {1932},
  number = {10},
  pages = {55},
  language = {russian},
  hyphenation = {russian},
}

@article { isachenko1936biogennoe,
  author = {Б. Л. Исаченко and Н. И. Мальчевская},
  title = {Биогенное саморазогревание торфяной крошки},
  journal = {Доклады Академии Наук},
  issn = {0869-5652},
  year = {1936},
  volume = {4},
  number = {8},
  pages = {364},
  language = {russian},
  hyphenation = {russian},
}

@mvreference { brem1912zhizn-ptitsy,
  author = {Альфред Эдмунд Брем},
  title = {Птицы},
  booktitle = {Жизнь животных},
  edition = {4-е, совершенно переработанное и значительно расширенное издание
	  профессора Отто Цур-Штрассена. Авторизованный перевод под редакцией
	  профессора Психоневрологического института и С.-Петербургского
	  женского медицинского института Н.~М.\ Книповича},
  volume = {7},
  year = {1912},
  pages = {15},
  language = {russian},
  hyphenation = {russian},
}

@article { lukyanov1988neizvestny,
  journal = {Известия},
  title = {Неизвестный Вернадский},
  userb = {The Unknown Vernadsky},
  author = {Ф. Лукьянов},
  date = {1988-09-29},
}
