@mvbook { leibnitz1900oeuvres,
  booktitle = {Œuvres Philosophiques de Leibniz},
  maintitle = {Œuvres Philosophiques de Leibniz},
  year = {1900},
  edition = {2},
  editor = {Félix Alcan},
  location = {Paris},
  hyphenation = {french},
  language = {french},
}

@mvbook { leibnitz1900oeuvres-v1,
  crossref = {leibnitz1900oeuvres},
  volume = {1},
  url = {http://fr.wikisource.org/wiki/Fichier:%C5%92uvres_philosophiques_de_Leibniz,_Alcan,_1900,_tome_1.djvu},
}

@mvbook { leibnitz1900oeuvres-v2,
  crossref = {leibnitz1900oeuvres},
  booktitle = {Essais de Théodicée},
  volume = {2},
  url = {http://fr.wikisource.org/wiki/Livre:%C5%92uvres_philosophiques_de_Leibniz,_Alcan,_1900,_tome_2.djvu},
}

@book { leibnitz1985theodicy,
  title = {Theodicy},
  subtitle = {Essays on the goodness of God, the freedom of man, and the
	origin of evil},
  author = {Leibniz, Gottfried Wilhelm, Freiherr von},
  isbn = {O-87548-437-9},
  origtitle = {Essais de Théodicée},
  year = {1985},
  publisher = {Open Court Publishing Company},
  url = {http://www.gutenberg.org/ebooks/17147},
}
