@inbook { vernadsky1926biosfera,
  title = {Биосфера},
  year = {1926},
  author = {Владимир Иванович Вернадский},
  publisher = {Научн.\ Химико-Техн.\ Издат., отдел В.С.Н.Х.},
  url = {http://books.google.com/books?id=jvE\_SwAACAAJ},
  language = {russian},
  hyphenation = {russian},
}

@article { vernadsky1926etudes1,
  journal = {Известия Российской академии наук},
  title = {Études biogéochimiques. 1. Sur la vitesse de la transmission de la
	vie dans la biosphère},
  author = {Владимир Иванович Вернадский},
  volume = {20},
  number = {9},
  pages = {727-744},
  series = {6},
  year = {1926},
  url = {http://mi.mathnet.ru/izv5583},
  urldate = {2012-07-17},
  language = {french},
  hyphenation = {french},
}

@article { vernadsky1926razmnozhenii1,
  journal = {Известия Российской академии наук},
  title = {О размножении организмов и его значении в механизме биосферы. Статья
	первая},
  author = {Владимир Иванович Вернадский},
  volume = {20},
  number = {9},
  pages = {697-726},
  series = {6},
  year = {1926},
  url = {http://mi.mathnet.ru/izv5582},
  urldate = {2012-07-17},
  language = {russian},
  hyphenation = {russian},
}

@article { vernadsky1926razmnozhenii2,
  journal = {Известия Российской академии наук},
  title = {О размножении организмов и его значении в механизме биосферы. Статья
	вторая},
  author = {Владимир Иванович Вернадский},
  volume = {20},
  number = {12},
  pages = {1053-1060},
  series = {6},
  year = {1926},
  url = {http://mi.mathnet.ru/izv5605},
  urldate = {2012-07-17},
  language = {russian},
  hyphenation = {russian},
}

@article { vernadsky1926multiplication1,
  journal = {Revue générale des sciences pures et appliquées},
  title = {Sur la multiplication des organismes et son role dans le mecanisme
	de la biosphere, Premiere partie},
  author = {Владимир Иванович Вернадский},
  volume = {37},
  number = {23},
  issn = {03705196},
  publisher = {Doin},
  location = {Paris},
  pages = {661-698},
  url = {http://gallica.bnf.fr/ark:/12148/bpt6k17101g/f665.tableDesMatieres},
  urldate = {2012-07-17},
  language = {french},
  hyphenation = {french},
}

@article { vernadsky1926multiplication2,
  journal = {Revue générale des sciences pures et appliquées},
  title = {Sur la multiplication des organismes et son role dans le mecanisme
	de la biosphere, Deuxième partie},
  author = {Владимир Иванович Вернадский},
  volume = {37},
  number = {23},
  issn = {03705196},
  publisher = {Doin},
  location = {Paris},
  pages = {700-708},
  url = {http://gallica.bnf.fr/ark:/12148/bpt6k17101g/f704.tableDesMatieres},
  urldate = {2012-07-17},
  language = {french},
  hyphenation = {french},
}

@article { vernadsky1927etudes2,
  journal = {Известия Российской академии наук},
  title = {Études biogéochimiques. 2. La vitesse maximum de la transmission de
	la vie dans la biosphère},
  author = {Владимир Иванович Вернадский},
  volume = {21},
  number = {2},
  pages = {241-254},
  series = {6},
  year = {1927},
  url = {http://mi.mathnet.ru/izv5457},
  urldate = {2012-07-17},
  language = {french},
  hyphenation = {french},
}

@article { vernadsky1927bakteriofag,
  journal = {Природа},
  title = {Бактериофаг и скорость передачи жизни в биосфере},
  author = {Владимир Иванович Вернадский},
  issn = {0032-874X},
  year = {1927},
  number = {6},
  pages = {433-446},
  url = {http://www.ras.ru/publishing/nature.aspx},
  urldate = {2012-07-17},
  language = {russian},
  hyphenation = {russian},
}

@mvbook { vernadsky1930considerations,
  title = {Considerations generales sur l'etude de la composition chimique de
	  la matiere vivante},
  author = {Владимир Иванович Вернадский},
  volume = {1},
  series = {Труды Биогеохимической лаборатории},
  year = {1930},
  publisher = {Изд-во Академии наук СССР},
  pages = {5-32},
  language = {french},
}

@mvbook { vernadsky1934problemy1,
  series = {Проблемы биогеохимии},
  title = {Значение биогеохимии для изучения биосферы},
  author = {Владимир Иванович Вернадский},
  part = {В.~1},
  year = {1934},
  publisher = {Академии наук СССР},
  pages = {9-10},
  url = {http://goraknig.org/estestvennye_nauki/?kniga=MTQ2MTQxNA__},
  language = {russian},
  hyphenation = {russian},
}

@mvbook { vernadsky1939problemy2,
  series = {Проблемы биогеохимии},
  title = {О коренном материально-энергетическом отличии живых и косных
	естественных тел биосферы},
  author = {Владимир Иванович Вернадский},
  part = {Вып.~2},
  year = {1939},
  publisher = {Академии наук СССР},
  url = {http://goraknig.org/estestvennye_nauki/?kniga=MTQ2MTQxMw__},
  language = {russian},
  hyphenation = {russian},
}

@book { vernadsky1940biogeohimicheskie,
  title = {Биогеохимические очерки},
  author = {Владимир Иванович Вернадский},
  lccn = {56048683},
  url = {http://books.google.com/books?id=37cIHAAACAAJ},
  year = {1940},
  publisher = {Изд-во Академии наук СССР},
}

@mvbook { vernadsky1954sochineniya,
  title = {Химические элементы, их класификация},
  series = {Избранные сочинения},
  author = {Владимир Иванович Вернадский},
  volume = {1},
  year = {1954},
  hyphenation = {russian},
}

@inbook { vernadsky1965himicheskoe,
  title = {Химическое строение биосферы земли и ее окружения},
  author = {Владимир Иванович Вернадский},
  url = {http://books.google.com/books?id=mXP4uAAACAAJ},
  year = {1965},
  publisher = {Наука},
  hyphenation = {russian},
}

@inbook { vernadsky1980problemy,
  title = {Проблемы биогеохимии},
  author = {Владимир Иванович Вернадский},
  volume = {16},
  series = {Труды Биогеохимической лаборатории},
  year = {1980},
  publisher = {Изд-во Академии наук СССР},
  pages = {10-54},
}

@inbook { vernadsky1987himicheskoe,
  title = {Химическое строение биосферы Земли и ее окружения},
  author = {Владимир Иванович Вернадский and Ярошевский, А.А.},
  lccn = {87209421},
  url = {http://books.google.com/books?id=0rVeAAAAIAAJ},
  year = {1987},
  publisher = {Наука},
  language = {russian},
  hyphenation = {russian},
}

@book { vernadsky1988filosofskie,
  title = {Философские мысли натуралиста},
  userb = {Philosophical Thoughts of the Naturalist},
  author = {Владимир Иванович Вернадский},
  year = {1988},
  publisher = {Наука},
  lccn = {88162415},
  url = {http://books.google.com/books?id=69sxAAAAIAAJ},
  hyphenation = {russian},
}

@book { vernadsky1988pisma,
  title = {Письма Н. Е. Вернадской: 1886--1889},
  userb = {Letters to N. E. Vernadskaya: 1886--1889},
  author = {Владимир Иванович Вернадский and Наталия Егоровна Вернадская},
  editor = {Филиппова, Н. В. and Борис Венедиктович Левшин},
  isbn = {9785020031838},
  lccn = {93105767},
  series = {Письма Н. Е. Вернадской},
  url = {http://books.google.com/books?id=UWi4AAAAIAAJ},
  year = {1988},
  publisher = {Наука},
  hyphenation = {russian},
}

@book { vernadsky1991thought,
  title = {Научная мысль как планетное явление},
  author = {Владимир Иванович Вернадский},
  year = {1991},
  origdate = {1938},
  publisher = {Наука},
  editor = {А. Л. Яншин},
  language = {russian},
  hyphenation = {russian},
}

@inbook { vernadsky1992trudy,
  title = {Труды по биогеохимии и геохимии почв},
  author = {Владимир Иванович Вернадский and
  	Всеволод Всеволодович Добровольский},
  year = {1992},
  lccn = {94204527},
  series = {Библиотека трудов академика В.И. Вернадского},
  url = {http://books.google.com/books?id=LeA2AAAAMAAJ},
  publisher = {Наука},
  hyphenation = {russian},
}

@book { vernadsky1994zhivoe,
  title = {Живое вещество и биосфера},
  author = {Владимир Иванович Вернадский},
  year = {1994},
  isbn = {5-02-005754-1},
  publisher = {Наука},
  hyphenation = {russian},
}

@mvbook { vernadsky1997thought,
  series = {Научное знание.  Научное творчество.  Научная мысль},
  booktitle = {О науке},
  title = {Научная мысль как планетное явление},
  author = {Владимир Иванович Вернадский},
  year = {1997},
  origdate = {1938},
  volume = 1,
  location = {Дубна},
  publisher = {Феникс},
  url = {http://elibrary.ru/books/vernadsky/obl.htm},
  language = {russian},
  hyphenation = {russian},
}

@book { vernadsky2001thought,
  title = {Научная мысль как планетное явление},
  author = {Владимир Иванович Вернадский},
  year = {2001},
  origdate = {1938},
  publisher = {Электронный Архив В. И. Вернадского},
  url = {http://vernadsky.lib.ru/e-texts/archive/thought.html},
  urldate = {2012-07-15},
  language = {russian},
  hyphenation = {russian},
}
